@misc{raspberrypi4datasheet,
  author       = {Raspberry Pi (Trading) Ltd},
  title        = {Raspberry Pi 4 Model B Datasheet},
  year         = {2019},
  edition      = {Release 1},
  url          = {https://datasheets.raspberrypi.com/rpi4/raspberry-pi-4-datasheet.pdf},
}

@article{markoulidakis2021multiclass,
  author    = {I. Markoulidakis and I. Rallis and I. Georgoulas and G. Kopsiaftis and A. Doulamis and N. Doulamis},
  title     = {Multiclass confusion matrix reduction method and its application on net promoter score classification problem},
  journal   = {Technologies},
  volume    = {9},
  number    = {4},
  year      = {2021},
  issn      = {2227-7080},
  url       = {https://www.mdpi.com/2227-7080/9/4/81}
}


@incollection{varoquaux2023evaluating,
  author    = {G. Varoquaux and O. Colliot},
  title     = {Evaluating machine learning models and their diagnostic value},
  booktitle = {Machine Learning for Brain Disorders},
  editor    = {O. Colliot},
  year      = {2023},
  publisher = {Springer},
  url       = {https://hal.science/hal-03682454}
}

@article{powers2008evaluation,
  title={Evaluation: From precision, recall and F-measure to ROC, informedness, markedness and correlation},
  author={Powers, David M W},
  journal={Machine Learning Technologies},
  volume={2},
  year={2008},
  month={January},
}

@incollection{dalianis2018evaluation,
  author    = {Hercules Dalianis},
  title     = {Evaluation metrics and evaluation},
  booktitle = {Clinical Text Mining: Secondary Use of Electronic Patient Records},
  publisher = {Springer International Publishing},
  address   = {Cham},
  year      = {2018},
  pages     = {45--53},
  isbn      = {978-3-319-78503-5},
  doi       = {10.1007/978-3-319-78503-5_6},
  url       = {https://doi.org/10.1007/978-3-319-78503-5_6}
}


@article{hu2019sinet,
  author    = {Xiaowei Hu and Xuemiao Xu and Yongjie Xiao and Hao Chen and Shengfeng He and Jing Qin and Pheng-Ann Heng},
  title     = {SINet: A Scale-Insensitive Convolutional Neural Network for Fast Vehicle Detection},
  journal   = {IEEE Transactions on Intelligent Transportation Systems},
  volume    = {20},
  number    = {3},
  pages     = {1010--1019},
  year      = {2019},
  month     = {March},
  doi       = {10.1109/TITS.2018.2838132}
}

@article{Munoz-Salinas2017,
  author    = {Rafael Muñoz-Salinas and Manuel J. Marín-Jiménez and Enrique Yeguas-Bolívar and R. Medina-Carnicer},
  title     = {Mapping and Localization from Planar Markers},
  journal   = {Pattern Recognition},
  year      = {2017},
  note      = {Preprint available at arXiv:1606.00151v2},
}

@article{borowczyk2017autonomous,
  title={Autonomous Landing of a Quadcopter on a High-Speed Ground Vehicle},
  author={Borowczyk, Alexandre and Nguyen, Duc-Tien and Nguyen, André Phu-Van and Nguyen, Dang Quang and Saussié, David and Le Ny, Jerome},
  journal={Journal of Guidance, Control, and Dynamics},
  volume={40},
  number={4},
  pages={1037--1049},
  year={2017},
  publisher={American Institute of Aeronautics and Astronautics (AIAA)},
  doi={10.2514/1.G002703}
}


@article{Sarmadi2021,
  author    = {Hamid Sarmadi and Rafael Muñoz-Salinas and Miguel A. Olivares-Mendez and Rafael Medina-Carnicer},
  title     = {Detection of Binary Square Fiducial Markers Using an Event Camera},
  journal   = {IEEE Access},
  volume    = {9},
  pages     = {27813--27825},
  year      = {2021},
  doi       = {10.1109/ACCESS.2021.3058423},
  url       = {https://ieeexplore.ieee.org/document/9353366},
  note      = {Accessed: 29 August 2024}
}

@article{pavel2022vision,
  title={Vision-Based Autonomous Vehicle Systems Based on Deep Learning: A Systematic Literature Review},
  author={Pavel, M. I. and Tan, S. Y. and Abdullah, A.},
  journal={Applied Sciences},
  volume={12},
  number={14},
  pages={6831},
  year={2022},
  doi={10.3390/app12146831},
  url={https://doi.org/10.3390/app12146831},
  note={Accessed on 30 August 2024}
}

@article{fiala2010designing,
  author    = {Mark Fiala},
  title     = {Designing highly reliable fiducial markers},
  journal   = {IEEE Transactions on Pattern Analysis and Machine Intelligence},
  volume    = {32},
  number    = {7},
  pages     = {1317--1324},
  year      = {2010},
  month     = {Jul.},
  doi       = {10.1109/TPAMI.2009.146}
}

@inproceedings{rekimoto1998matrix,
  author    = {Jun Rekimoto},
  title     = {Matrix: A Realtime Object Identification and Registration Method for Augmented Reality},
  booktitle = {Proceedings of the 3rd Asia Pacific Conference on Computer Human Interaction},
  pages     = {63--68},
  year      = {1998},
  month     = {July},
}

@article{silva2014evaluation,
  title={Evaluation of the usability of ARUCO markers in robotic applications},
  author={Silva, S. L. A. and Tommaselli, A. M. G. and Artero, A. O.},
  journal={Brazilian Journal of Biosystems Engineering},
  volume={8},
  number={3},
  pages={198--207},
  year={2014},
  doi={10.1590/S1982-21702014000300036},
  url={https://doi.org/10.1590/S1982-21702014000300036},
  note={Accessed on: Aug. 30, 2024}
}

@article{hansen2024active,
  title={Active Object Detection and Tracking Using Gimbal Mechanisms for Autonomous Drone Applications},
  author={Hansen, Jakob Grimm and de Figueiredo, Rui Pimentel},
  journal={Drones},
  volume={8},
  number={55},
  pages={1--15},
  year={2024},
  url={https://www.mdpi.com/journal/drones},
  doi={10.3390/drones8020055},
  note={Accessed on 30 August 2024}
}


@article{Yang2018,
  author    = {Tao Yang and Qiang Ren and Fangbing Zhang and Bolin Xie and Hailei Ren and Jing Li and Yanning Zhang},
  title     = {Hybrid Camera Array-Based UAV Auto-Landing on Moving UGV in GPS-Denied Environment},
  journal   = {Remote Sensing},
  volume    = {10},
  number    = {11},
  pages     = {1829},
  year      = {2018},
  doi       = {10.3390/rs10111829},
  url       = {http://www.mdpi.com/journal/remotesensing},
  note      = {Accessed: 29 Aug. 2024}
}


@article{Bacik2017,
  author    = {J. Bacik and F. Durovsky and P. Fedor and D. Perdukova},
  title     = {Autonomous flying with quadrocopter using fuzzy control and ArUco markers},
  journal   = {Intelligent Service Robotics},
  volume    = {10},
  number    = {2},
  pages     = {185--194},
  year      = {2017},
  doi       = {10.1007/s11370-017-0219-8}
}


@misc{Romero-Ramirez2019,
  author       = {Romero-Ramirez, F. J. and Muñoz-Salinas, R. and Medina-Carnicer, R.},
  title        = {ArUco: Augmented reality library based on OpenCV},
  howpublished = {https://sourceforge.net/projects/aruco/},
  note         = {Accessed on 30 June 2024},
  year         = {2019}
}


@article{silva2017steam,
  author    = {I. O. Silva and J. E. B. Rosab and E. L. Hardoimc and G. Guarim Neto},
  title     = {Educação Científica empregando o método STEAM e um makerspace a partir de uma aula-passeio},
  journal   = {Latin American Journal of Science Education},
  volume    = {4},
  pages     = {22034},
  year      = {2017}
}


@article{NOLFIPOWLIM,
author = {S.~Nolfi},
title = {Power and the limits of reactive agents},
journal = {Neurocomputing},
volume = {42},
number = {1--4},
pages = {119--145},
year = {2002}
}

@book{BISHOP2006,
title = {Pattern recognition and machine learning},
author = {C.M. Bishop},
publisher = {Springer Science and Business Media, LLC},
address = {New York, NY},
year = {2006}
}

@inproceedings{DEWAGTER2014,
title = {Autonomous Flight of a 20-gram Flapping Wing MAV with a 4-gram Onboard Stereo Vision System},
author = {C. De Wagter and  S. Tijmons and  B.D.W. Remes and G.C.H.E. de Croon},
booktitle =  {IEEE Conference on Robotics and Automation (ICRA)},
year = {2014}

}
